@incollection{AAberg1982,
	author = {{\AA}berg, T. and Howat, G.},
	booktitle = {Corpuscles and Radiation in Matter I},
	editor = {Fl{\"u}gge, S. and Mehlhorn, W.},
	location = {Berlin and Heidelberg},
	pages = {469--619},
	publisher = {Springer-Verlag},
	series = {Encyclopedia of Physics},
	title = {Theory of the Auger Effect},
	volume = {31},
	year = {1982}
}

@online{Kramida2015,
	author = {Kramida, A. and Ralchenko, Yu. and Reader, J. and {NIST ASD Team}},
	title = {{NIST Atomic Spectra Database} (version 5.4)},
	url = {http://physics.nist.gov/asd},
	urldate = {2017-04-14},
	year = {2016}
}

@article{Uiberacker2007,
	author = {Uiberacker, M. and Uphues, Th. and Schultze, M. and Verhoef, A. J. and Yakovlev, V. and Kling, M. F. and Rauschenberger, J. and Kabachnik, N. M. and Schr{\"o}der, H. and Lezius, M. and Kompa, K. L. and Muller, H.-G. and Vrakking, M. J. J. and Hendel, S. and Kleineberg, U. and Heinzmann, U. and Drescher, M. and Krausz, F.},
	doi = {10.1038/nature05648},
	issn = {0028-0836},
	journal = {Nature},
	number = {7136},
	pages = {627--632},
	publisher = {Nature Publishing Group},
	title = {Attosecond real-time observation of electron tunnelling in atoms},
	url = {http://www.nature.com/nature/journal/v446/n7136/suppinfo/nature05648\_S1.html},
	volume = {446},
	year = {2007}
}

@online{Bezanson2015,
	author = {Bezanson, Jeff and Edelman, Alan and Karpinski, Stefan and Shah, Viral B.},
	date = {2015-07-19},
	eprint = {1411.1607v4},
	eprintclass = {cs.MS},
	eprinttype = {arxiv},
	title = {Julia: A Fresh Approach to Numerical Computing},
	urldate = {2017-01-04},
	version = {4}
}

