@book{Knuth1984,
	author = {Knuth, Donald Ervin}, 
	year = {1984}, title = {The TeXbook}, 
	edition = {1}, isbn = {978-0-201-13448-3}, 
	publisher = {Addison-Wesley Publishing Company}, 
	address = {Reading, Mass.}, 
}
